<record xmlns="http://www.loc.gov/MARC21/slim" xmlns:xsi="http://www.w3.org/2001/XMLSchema-instance" xsi:schemaLocation="http://www.loc.gov/MARC21/slim http://www.loc.gov/standards/marcxml/schema/MARC21slim.xsd"><leader>00664nz   2200169n  4500</leader><controlfield tag="001">oca05181567 </controlfield><controlfield tag="005">20000322110223.0</controlfield><controlfield tag="008">000322n| acannaabn          |a aaa      </controlfield><datafield ind1=" " ind2=" " tag="010"><subfield code="a">n  00036747 </subfield></datafield><datafield ind1=" " ind2=" " tag="040"><subfield code="a">DLC</subfield><subfield code="b">eng</subfield><subfield code="c">DLC</subfield></datafield><datafield ind1="0" ind2=" " tag="100"><subfield code="a">Alexander,</subfield><subfield code="c">Aetolus</subfield></datafield><datafield ind1="0" ind2=" " tag="400"><subfield code="a">Alessandro,</subfield><subfield code="c">Etolo</subfield></datafield><datafield ind1="0" ind2=" " tag="400"><subfield code="a">Alexander,</subfield><subfield code="b">of Pleuron</subfield></datafield><datafield ind1="1" ind2=" " tag="400"><subfield code="a">Aetolus, Alexander</subfield></datafield><datafield ind1=" " ind2=" " tag="670"><subfield code="a">Testimonia et fragmenta, 1999:</subfield><subfield code="b">t.p. (Alexandri Aetoli) premessa (Alessandro Etolo)</subfield></datafield><datafield ind1=" " ind2=" " tag="670"><subfield code="a">LC classification schedule PA, 1997</subfield><subfield code="b">(Alexander Aetolus, dramatist, fl. ca. 280 B.C.)</subfield></datafield><datafield ind1=" " ind2=" " tag="670"><subfield code="a">Oxford classical dictionary, 1949</subfield><subfield code="b">(Alexander, of Pleuron in Aetolia, hence called Aetolus, b. ca. 315 B.C.)</subfield></datafield></record>